<record><leader>00000cas a2200000 a 4500</leader><controlfield tag="001">36321139</controlfield><controlfield tag="008">970204d19801982miuwr n       0    0eng c</controlfield><datafield ind1=" " ind2=" " tag="010"><subfield code="a">sn 97063131 </subfield></datafield><datafield ind1=" " ind2=" " tag="040"><subfield code="a">MHN</subfield><subfield code="b">eng</subfield><subfield code="c">MHN</subfield><subfield code="d">OCL</subfield><subfield code="d">OCLCQ</subfield><subfield code="d">OCLCF</subfield><subfield code="d">OCLCO</subfield></datafield><datafield ind1="1" ind2=" " tag="029"><subfield code="a">AU@</subfield><subfield code="b">000013092650</subfield></datafield><datafield ind1=" " ind2=" " tag="042"><subfield code="a">pcc</subfield></datafield><datafield ind1=" " ind2=" " tag="043"><subfield code="a">n-us-mi</subfield></datafield><datafield ind1="0" ind2="0" tag="245"><subfield code="a">Flint Township/Swartz Creek news.</subfield></datafield><datafield ind1="1" ind2="3" tag="246"><subfield code="a">Swartz Creek/Flint Township news</subfield></datafield><datafield ind1="3" ind2=" " tag="246"><subfield code="a">Flint Township and Swartz Creek news</subfield></datafield><datafield ind1=" " ind2=" " tag="260"><subfield code="a">Swartz Creek, Mich. :</subfield><subfield code="b">Flint Area Newspapers</subfield></datafield><datafield ind1=" " ind2=" " tag="300"><subfield code="a">v.</subfield></datafield><datafield ind1=" " ind2=" " tag="310"><subfield code="a">Weekly</subfield></datafield><datafield ind1="0" ind2=" " tag="362"><subfield code="a">Vol. 43, no. 41 (June 4, 1980)-v. 50, no. 20 (Jan. 21, 1981) ; v. 20, no. 21 (Jan. 28, 1981)-v. 25, no. 18 (Sept. 29, 1982).</subfield></datafield><datafield ind1=" " ind2="0" tag="651"><subfield code="a">Swartz Creek (Mich.)</subfield><subfield code="v">Newspapers.</subfield></datafield><datafield ind1=" " ind2="0" tag="651"><subfield code="a">Genesee County (Mich.)</subfield><subfield code="v">Newspapers.</subfield></datafield><datafield ind1=" " ind2="7" tag="655"><subfield code="a">Newspapers.</subfield><subfield code="2">fast</subfield><subfield code="0">(OCoLC)fst01423814</subfield></datafield><datafield ind1=" " ind2="7" tag="651"><subfield code="a">Michigan</subfield><subfield code="z">Genesee County.</subfield><subfield code="2">fast</subfield><subfield code="0">(OCoLC)fst01214779</subfield></datafield><datafield ind1=" " ind2="7" tag="651"><subfield code="a">Michigan</subfield><subfield code="z">Swartz Creek.</subfield><subfield code="2">fast</subfield><subfield code="0">(OCoLC)fst01238931</subfield></datafield><datafield ind1=" " ind2=" " tag="752"><subfield code="a">United States</subfield><subfield code="b">Michigan</subfield><subfield code="c">Genesee</subfield><subfield code="d">Swartz Creek.</subfield></datafield><datafield ind1="0" ind2="0" tag="780"><subfield code="t">Swartz Creek news</subfield><subfield code="w">(DLC)sn 97063130</subfield><subfield code="w">(OCoLC)36320615</subfield></datafield><datafield ind1="0" ind2="0" tag="785"><subfield code="t">West Valley news</subfield><subfield code="w">(DLC)sn 84009224</subfield><subfield code="w">(OCoLC)10617492</subfield></datafield></record>